<record><leader>00000cas a22000007a 4500</leader><controlfield tag="001">14075853</controlfield><controlfield tag="008">860811d19021904iaucr ne      0    0eng d</controlfield><datafield ind1=" " ind2=" " tag="010"><subfield code="a">sn 86060159 </subfield></datafield><datafield ind1=" " ind2=" " tag="040"><subfield code="a">INP</subfield><subfield code="b">eng</subfield><subfield code="c">INP</subfield><subfield code="d">OCLCQ</subfield></datafield><datafield ind1=" " ind2=" " tag="042"><subfield code="a">msc</subfield></datafield><datafield ind1="0" ind2="0" tag="245"><subfield code="a">Mt. Ayr semi-weekly journal.</subfield></datafield><datafield ind1="3" ind2="0" tag="246"><subfield code="a">Mt. Ayr journal</subfield></datafield><datafield ind1="1" ind2="3" tag="246"><subfield code="a">Mount Ayr journal</subfield></datafield><datafield ind1=" " ind2=" " tag="260"><subfield code="a">Mount Ayr, Iowa :</subfield><subfield code="b">J.S. Shepherd &amp; Son,</subfield><subfield code="c">1902-1904.</subfield></datafield><datafield ind1=" " ind2=" " tag="300"><subfield code="a">2 v. :</subfield><subfield code="b">ill.</subfield></datafield><datafield ind1=" " ind2=" " tag="310"><subfield code="a">Semiweekly</subfield></datafield><datafield ind1="0" ind2=" " tag="362"><subfield code="a">Vol. 21, no. 9 (Sept. 30, 1902)-v. 22, no. 30 (May 13, 1904).</subfield></datafield><datafield ind1=" " ind2=" " tag="515"><subfield code="a">Occasional errors in numbering.</subfield></datafield><datafield ind1=" " ind2=" " tag="515"><subfield code="a">Issue for Dec. 26, 1902, not published.</subfield></datafield><datafield ind1=" " ind2=" " tag="525"><subfield code="a">Sept. 15, 1903, issue includes supplement.</subfield></datafield><datafield ind1=" " ind2=" " tag="752"><subfield code="a">United States</subfield><subfield code="b">Iowa</subfield><subfield code="c">Ringgold</subfield><subfield code="d">Mount Ayr.</subfield></datafield><datafield ind1="0" ind2="0" tag="780"><subfield code="t">Mt. Ayr journal (Mount Ayr, Iowa : 1883)</subfield><subfield code="w">(DLC)sn 86060158</subfield></datafield><datafield ind1="0" ind2="0" tag="785"><subfield code="t">Mt. Ayr journal (Mount Ayr, Iowa : 1904)</subfield><subfield code="w">(DLC)sn 86060160</subfield></datafield></record>